/Users/samuelbarreto/dotfile/bibliographie/references.bib